% Use this file for citations not found in the ACL Anthology (contained in "anthology.bib").

@article{mathew2020hatexplain,
  title={HateXplain: A Benchmark Dataset for Explainable Hate Speech Detection},
  author={Mathew, Binny and Saha, Punyajoy and Yimam, Seid Muhie and Biemann, Chris and Goyal, Pawan and Mukherjee, Animesh},
  journal={arXiv preprint arXiv:2012.10289},
  year="2020",
}


@article{Ando2005,
	Acmid = {1194905},
	Author = {Ando, Rie Kubota and Zhang, Tong},
	Issn = {1532-4435},
	Issue_Date = {12/1/2005},
	Journal = {Journal of Machine Learning Research},
	Month = dec,
	Numpages = {37},
	Pages = {1817--1853},
	Publisher = {JMLR.org},
	Title = {A Framework for Learning Predictive Structures from Multiple Tasks and Unlabeled Data},
	Volume = {6},
	Year = {2005}
}
